<?xml version="1.0" encoding="UTF-8"?><collection xmlns="http://www.loc.gov/MARC21/slim"><record><leader>00737nam--2200193-i-4500</leader><controlfield tag="001">000028717</controlfield><controlfield tag="002">20161230</controlfield><controlfield tag="005">20170210152842</controlfield><controlfield tag="008">060222s1000------------r-----000-0-fre-d</controlfield><datafield ind1=" " ind2=" " tag="040"><subfield code="a">IFIN-HH</subfield></datafield><datafield ind1=" " ind2=" " tag="041"><subfield code="a">fre</subfield></datafield><datafield ind1=" " ind2=" " tag="080"><subfield code="a">538.975:538.95(061.3)</subfield></datafield><datafield ind1="1" ind2=" " tag="110"><subfield code="a">Centre National De La Recherche Scientifique</subfield></datafield><datafield ind1="1" ind2="0" tag="245"><subfield code="a">L`etat actual des connaissances sur les proprietes electronique et magnetiques des couches metalliques minces en liaison avec leur structure. Alger 25 avril- 30 avril 1955</subfield></datafield><datafield ind1=" " ind2=" " tag="260"><subfield code="a">Edition du Centre National de la Recherche Scientifique</subfield><subfield code="c">1956</subfield></datafield><datafield ind1=" " ind2=" " tag="300"><subfield code="a">137 p</subfield></datafield><datafield ind1=" " ind2=" " tag="490"><subfield code="a">Colloques Internationaux Du Centre National De La Recherche Scientifique</subfield></datafield><datafield ind1=" " ind2=" " tag="852"><subfield code="a">75283</subfield><subfield code="c">539.23</subfield></datafield><datafield ind1=" " ind2=" " tag="CAT"><subfield code="a">SYS</subfield><subfield code="c">20170210</subfield><subfield code="h">152842</subfield></datafield></record></collection>